<record><leader>00000cas a22000007a 4500</leader><controlfield tag="001">11925777</controlfield><controlfield tag="008">850416d1890189ualuwr ne      0    0eng d</controlfield><datafield ind1=" " ind2=" " tag="010"><subfield code="a">sn 85044596 </subfield></datafield><datafield ind1=" " ind2=" " tag="040"><subfield code="a">AAA</subfield><subfield code="b">eng</subfield><subfield code="c">AAA</subfield><subfield code="d">CPN</subfield><subfield code="d">OCLCQ</subfield></datafield><datafield ind1=" " ind2=" " tag="042"><subfield code="a">msc</subfield></datafield><datafield ind1="0" ind2=" " tag="130"><subfield code="a">Shelby news (Calera, Ala.)</subfield></datafield><datafield ind1="1" ind2="4" tag="245"><subfield code="a">The Shelby news.</subfield></datafield><datafield ind1=" " ind2=" " tag="260"><subfield code="a">Calera, Ala. :</subfield><subfield code="b">J.A. Campbell &amp; B.B. Warren</subfield></datafield><datafield ind1=" " ind2=" " tag="300"><subfield code="a">v.</subfield></datafield><datafield ind1=" " ind2=" " tag="310"><subfield code="a">Weekly</subfield></datafield><datafield ind1="1" ind2=" " tag="362"><subfield code="a">Began in Jan. 1890.</subfield></datafield><datafield ind1=" " ind2=" " tag="588"><subfield code="a">Description based on: Vol. 1, no. 2 (Jan. 16, 1890).</subfield></datafield><datafield ind1=" " ind2=" " tag="752"><subfield code="a">United States</subfield><subfield code="b">Alabama</subfield><subfield code="c">Shelby</subfield><subfield code="d">Calera.</subfield></datafield></record>